<record><leader>00000cas a2200000 a 4500</leader><controlfield tag="001">10957687</controlfield><controlfield tag="008">840717d19421943lauwr ne      0    0eng d</controlfield><datafield ind1=" " ind2=" " tag="010"><subfield code="a">sn 89059113 </subfield></datafield><datafield ind1=" " ind2=" " tag="040"><subfield code="a">LSL</subfield><subfield code="b">eng</subfield><subfield code="c">LSL</subfield><subfield code="d">LNP</subfield><subfield code="d">OCL</subfield><subfield code="d">OCLCQ</subfield><subfield code="d">OCLCF</subfield><subfield code="d">OCLCO</subfield></datafield><datafield ind1=" " ind2=" " tag="042"><subfield code="a">msc</subfield></datafield><datafield ind1=" " ind2=" " tag="043"><subfield code="a">n-us-la</subfield></datafield><datafield ind1=" " ind2=" " tag="092"><subfield code="a">358.4</subfield><subfield code="b">Ech</subfield></datafield><datafield ind1="0" ind2=" " tag="130"><subfield code="a">Echelon (Baton Rouge, La.)</subfield></datafield><datafield ind1="1" ind2="4" tag="245"><subfield code="a">The Echelon.</subfield></datafield><datafield ind1="3" ind2="0" tag="246"><subfield code="a">Harding Field echelon</subfield><subfield code="f">&lt;June 5, 1942&gt;-Mar. 13, 1943</subfield></datafield><datafield ind1=" " ind2=" " tag="260"><subfield code="a">Baton Rouge, La. :</subfield><subfield code="b">Echelon,</subfield><subfield code="c">1942-1943.</subfield></datafield><datafield ind1=" " ind2=" " tag="300"><subfield code="a">v. :</subfield><subfield code="b">ill. ;</subfield><subfield code="c">28-57 cm.</subfield></datafield><datafield ind1=" " ind2=" " tag="310"><subfield code="a">Weekly</subfield></datafield><datafield ind1="1" ind2=" " tag="362"><subfield code="a">Began with Mar. 13, 1942.</subfield></datafield><datafield ind1="0" ind2=" " tag="362"><subfield code="a">-v. 2, no. 10 (Aug. 2, 1943); Aug. 9, 1943-Nov. 22, 1943.</subfield></datafield><datafield ind1=" " ind2=" " tag="500"><subfield code="a">"A publication in the interest of the military personnel of Harding Field."</subfield></datafield><datafield ind1=" " ind2=" " tag="500"><subfield code="a">Published as: The Harding Field echelon, &lt;June 5, 1942&gt;-Mar. 13, 1943.</subfield></datafield><datafield ind1=" " ind2=" " tag="500"><subfield code="a">Issues for Mar. 13, 1942-May 26, 1942 printed on the mimeographed sheets.</subfield></datafield><datafield ind1=" " ind2=" " tag="588"><subfield code="a">Description based on: Vol. 1, no. 7 (Apr. 24, 1942).</subfield></datafield><datafield ind1=" " ind2="0" tag="651"><subfield code="a">Baton Rouge (La.)</subfield><subfield code="v">Newspapers.</subfield></datafield><datafield ind1=" " ind2="7" tag="655"><subfield code="a">Newspapers.</subfield><subfield code="2">fast</subfield><subfield code="0">(OCoLC)fst01423814</subfield></datafield><datafield ind1=" " ind2="7" tag="651"><subfield code="a">Louisiana</subfield><subfield code="z">Baton Rouge.</subfield><subfield code="2">fast</subfield><subfield code="0">(OCoLC)fst01205202</subfield></datafield><datafield ind1=" " ind2=" " tag="752"><subfield code="a">United States</subfield><subfield code="b">Louisiana</subfield><subfield code="c">East Baton Rouge</subfield><subfield code="d">Baton Rouge.</subfield></datafield><datafield ind1="0" ind2="0" tag="785"><subfield code="t">Harding Field echelon</subfield><subfield code="w">(DLC)sn 89059130</subfield></datafield></record>